<record><leader>00000cas a22000007a 4500</leader><controlfield tag="001">24647707</controlfield><controlfield tag="008">911030d194419uuncuwr ne      0    0eng d</controlfield><datafield ind1=" " ind2=" " tag="010"><subfield code="a">sn 91068707 </subfield></datafield><datafield ind1=" " ind2=" " tag="040"><subfield code="a">NVJ</subfield><subfield code="b">eng</subfield><subfield code="c">NVJ</subfield><subfield code="d">OCLCQ</subfield></datafield><datafield ind1=" " ind2=" " tag="042"><subfield code="a">msc</subfield></datafield><datafield ind1="0" ind2="4" tag="245"><subfield code="a">The Scottish citizen.</subfield></datafield><datafield ind1=" " ind2=" " tag="260"><subfield code="a">Red Springs and Maxton, N.C. :</subfield><subfield code="b">Dougald Coxe</subfield></datafield><datafield ind1=" " ind2=" " tag="300"><subfield code="a">v.</subfield></datafield><datafield ind1=" " ind2=" " tag="310"><subfield code="a">Weekly</subfield></datafield><datafield ind1="1" ind2=" " tag="362"><subfield code="a">Began in 1944.</subfield></datafield><datafield ind1=" " ind2=" " tag="580"><subfield code="a">Issued in Lumberton as: The Lumberton voice.</subfield></datafield><datafield ind1=" " ind2=" " tag="588"><subfield code="a">Description based on: Vol. 58, no. 38 (Oct. 9, 1947).</subfield></datafield><datafield ind1=" " ind2=" " tag="752"><subfield code="a">United States</subfield><subfield code="b">North Carolina</subfield><subfield code="c">Robeson</subfield><subfield code="d">Red Springs.</subfield></datafield><datafield ind1=" " ind2=" " tag="752"><subfield code="a">United States</subfield><subfield code="b">North Carolina</subfield><subfield code="c">Robeson</subfield><subfield code="d">Maxton.</subfield></datafield><datafield ind1="0" ind2=" " tag="775"><subfield code="t">Lumberton voice</subfield><subfield code="w">(DLC)sn 91068704</subfield></datafield><datafield ind1="0" ind2="4" tag="780"><subfield code="t">Scottish chief (Maxton, N.C.)</subfield><subfield code="w">(DLC)sn 91068705</subfield></datafield><datafield ind1="0" ind2="4" tag="780"><subfield code="t">Red Springs citizen (Red Springs, N.C. : 1896)</subfield><subfield code="w">(DLC)sn 91068706</subfield></datafield></record>